<?xml version="1.0" encoding="UTF-8"?><collection xmlns="http://www.loc.gov/MARC21/slim"><record><leader>00407nam--2200121-i-4500</leader><controlfield tag="001">000016218</controlfield><controlfield tag="002">20161230</controlfield><controlfield tag="005">20161230201031</controlfield><controlfield tag="008">060222s1000------------r-----000-0-eng-d</controlfield><datafield ind1=" " ind2=" " tag="100"><subfield code="a">Ader,Jean-pierre</subfield></datafield><datafield ind1=" " ind2=" " tag="245"><subfield code="a">Contribution a la description des amplitudes de diffusion al aide des poles de regge et application aux reactions de photoproduction. these</subfield></datafield><datafield ind1=" " ind2=" " tag="260"><subfield code="a">Bordeaux,Universite,1969. 147p</subfield></datafield><datafield ind1=" " ind2=" " tag="852"><subfield code="a">77962</subfield></datafield></record></collection>